<?xml version="1.0" encoding="UTF-8"?><collection xmlns="http://www.loc.gov/MARC21/slim"><record><leader>00422nam--2200109-i-4500</leader><controlfield tag="001">000038827</controlfield><controlfield tag="002">20161230</controlfield><controlfield tag="005">20161230201042</controlfield><controlfield tag="008">060222s1000------------r-----000-0-eng-d</controlfield><datafield ind1=" " ind2=" " tag="245"><subfield code="a">Research in ion echange chromatography. transactions of the session on applications of ion exchange chromatography in medicine and the food industrie, enghlish translation</subfield></datafield><datafield ind1=" " ind2=" " tag="260"><subfield code="a">New York, Consultants Bureau, Inc., 1958, 179p</subfield></datafield><datafield ind1=" " ind2=" " tag="852"><subfield code="a">18134</subfield></datafield></record></collection>